% This file was created with JabRef 2.9b2.
% Encoding: ISO8859_1

@BOOK{Neugebauer2006,
	AUTHOR = {Neugebauer, Reimund},
	YEAR = {2006},
	TITLE = {{Parallelkinematische Maschinen - Entwurf, Konstruktion, Anwendung}},
	EDITION = {2006. Aufl.},
	ISBN = {978-3-540-29939-4},
	PUBLISHER = {Springer-Verlag},
	ADDRESS = {Berlin Heidelberg New York},
}

@MISC{FMCdiag,
  title        = "Fundamental Modeling Concepts - Notation Reference",
  author       = "{FMC Consortium}",
  year         =  2020,
  url = {http://www.fmc-modeling.org/notation_reference},
  urldate  = {24th of December 2020}
}

@MISC{terabee2021tofprinciple,
  title        = "Time of Flight Principle",
  author       = "{Terabee}",
  year         =  2021,
  url = {https://www.terabee.com/time-of-flight-principle},
  urldate  = {10 of August 2021}
}
@MISC{aaa2021thermalimaging,
  title        = "What is Thermal Imaging?",
  author       = "{Association for Advancing Automation}",
  year         =  2016,
  url = {https://www.automate.org/blogs/what-is-thermal-imaging},
  urldate  = {10 of August 2021}
}
@misc{luckert2016using,
  title={Using machine learning methods for evaluating the quality of technical documents},
  author={Luckert, Michael and Schaefer-Kehnert, Moritz},
  year={2016}
}

@MISC{2020ROS,
  title        = "ROS/Introduction - ROS Wiki",
  author       = "{Open Source Robotics Foundation}",
  year         =  2021,
  url = {http://wiki.ros.org/ROS/Introduction},
  urldate  = {1st of January 2021}
}
@MISC{2020ROStopics,
  title        = "Topics - ROS Wiki",
  author       = "{Open Source Robotics Foundation}",
  year         =  2021,
  url = {http://wiki.ros.org/Topics},
  urldate  = {1st of January 2021}
}

@MISC{2021labelme,
  title        = "Image Polygonal Annotation with Python",
  author       = "{Wada Kentaro}",
  year         =  2021,
  url = {https://github.com/wkentaro/labelme},
  urldate  = {2nd of January 2021}
}

@MISC{2021detectron2-benchmark,
  title        = "Benchmarks - detectron2 documentation",
  author       = "{FacebookAI}",
  year         =  2021,
  url = {https://detectron2.readthedocs.io/notes/benchmarks.html},
  urldate  = {2nd of January 2021}
}

@MISC{2021testat4,
  title        = "NVIDIA T4 Tensor Core GPU for AI Inference",
  author       = "{NVIDIA}",
  year         =  2021,
  url = {https://www.nvidia.com/en-us/data-center/tesla-t4/},
  urldate  = {3rd of January 2021}
}
@MISC{2021nvidia-cuda,
  title        = "CUDA Zone",
  author       = "{NVIDIA}",
  year         =  2021,
  url = {https://developer.nvidia.com/CUDA-zone},
  urldate  = {3rd of January 2021}
}

@MISC{2021scikit-ransac,
  title        = "Robust matching using RANSAC",
  author       = "{scikit-image development team}",
  year         =  2021,
  url = {https://scikit-image.org/docs/stable/auto_examples/transform/plot_matching.html},
  urldate  = {3rd of January 2021}
}

@article{tremblay2018deep,
  title={Deep object pose estimation for semantic robotic grasping of household objects},
  author={Tremblay, Jonathan and To, Thang and Sundaralingam, Balakumar and Xiang, Yu and Fox, Dieter and Birchfield, Stan},
  journal={arXiv preprint arXiv:1809.10790},
  year={2018}
}

@inproceedings{papazov2010efficient,
  title={An efficient ransac for 3d object recognition in noisy and occluded scenes},
  author={Papazov, Chavdar and Burschka, Darius},
  booktitle={Asian Conference on Computer Vision},
  pages={135--148},
  year={2010},
  organization={Springer}
}


@MISC{2021ndds,
  title        = "Dataset Synthesizer: NVIDIA Deep learning Dataset Synthesizer (NDDS)",
  author       = "{NVIDIA}",
  year         =  2021,
  url = {https://github.com/NVIDIA/Dataset_Synthesizer},
  urldate  = {3rd of January 2021}
}

@MISC{2021ue4,
  title        = "Unreal Engine",
  author       = "{NVIDIA}",
  year         =  2021,
  url = {https://www.unrealengine.com/en-US/},
  urldate  = {3rd of January 2021}
}


@MISC{2021lely-a5,
  title        = "Automatic Milking - Astronaut A5",
  author       = "{Lely Industries N.V.}",
  year         =  2021,
  url = {https://www.lely.com/solutions/milking/astronaut-a5/},
  urldate  = {4th of January 2021}
}



@misc{lumenlearning_2021, 
title={Effects of the Agricultural Revolution | History of Western Civilization II},
url={https://courses.lumenlearning.com/suny-hccc-worldhistory2/chapter/effects-of-the-agricultural-revolution/}, 
journal={courses.lumenlearning.com}, 
author={Lumen Learning}, 
year={2021} }

@misc{valente_2017, 
title={The Origins of Milk: Why Was the First Cow Milked in the First Place?}, 
url={https://medium.com/@lanavalente/the-origins-of-milk-why-did-the-first-cow-milker-milk-the-cow-c41e8ef761d6}, 
journal={Medium}, 
author={Valente, Lana}, 
year={2017} 
}

@inproceedings{dorokhov2019recognition,
  title={Recognition of Cow Teats Using the 3D-ToF Camera When Milking in the “Herringbone” Milking Parlor},
  author={Dorokhov, Aleksey and Kirsanov, Vladimir and Pavkin, Dmitriy and Yurochka, Sergey and Vladimirov, Fedor},
  booktitle={International Conference on Intelligent Computing \& Optimization},
  pages={128--137},
  year={2019},
  organization={Springer}
}

@inproceedings{akhloufi20143d,
  title={3D vision system for intelligent milking robot automation},
  author={Akhloufi, MA},
  booktitle={Intelligent Robots and Computer Vision XXXI: Algorithms and Techniques},
  volume={9025},
  pages={90250N},
  year={2014},
  organization={International Society for Optics and Photonics}
}

@inproceedings{pal2017algorithm,
  title={Algorithm design for teat detection system methodology using TOF, RGBD and thermal imaging in next generation milking robot system},
  author={Pal, Abhishesh and Rastogi, Akanksha and Myongseok, Song and Ryuh, Beom Sahng},
  booktitle={2017 14th International Conference on Ubiquitous Robots and Ambient Intelligence (URAI)},
  pages={895--896},
  year={2017},
  organization={IEEE}
}

@article{rastogi2019teat,
  title={Teat detection algorithm: YOLO vs. Haar-cascade},
  author={Rastogi, Akanksha and Ryuh, Beom Sahng},
  journal={Journal of Mechanical Science and Technology},
  volume={33},
  number={4},
  pages={1869--1874},
  year={2019},
  publisher={Springer}
}

@article{manuelli2019kpam,
  title={kpam: Keypoint affordances for category-level robotic manipulation},
  author={Manuelli, Lucas and Gao, Wei and Florence, Peter and Tedrake, Russ},
  journal={arXiv preprint arXiv:1903.06684},
  year={2019}
}

@inproceedings{ciocarlie2014towards,
  title={Towards reliable grasping and manipulation in household environments},
  author={Ciocarlie, Matei and Hsiao, Kaijen and Jones, Edward Gil and Chitta, Sachin and Rusu, Radu Bogdan and {\c{S}}ucan, Ioan A},
  booktitle={Experimental Robotics},
  pages={241--252},
  year={2014},
  organization={Springer}
}

@article{o20193d,
  title={3D Vision for Precision Dairy Farming},
  author={O’Mahony, Niall and Campbell, Sean and Carvalho, Anderson and Krpalkova, Lenka and Riordan, Daniel and Walsh, Joseph},
  journal={IFAC-PapersOnLine},
  volume={52},
  number={30},
  pages={312--317},
  year={2019},
  publisher={Elsevier}
}

@article{cao2020comprehensive,
  title={A comprehensive survey on geometric deep learning},
  author={Cao, Wenming and Yan, Zhiyue and He, Zhiquan and He, Zhihai},
  journal={IEEE Access},
  volume={8},
  pages={35929--35949},
  year={2020},
  publisher={IEEE}
}

@article{arad2020development,
  title={Development of a sweet pepper harvesting robot},
  author={Arad, Boaz and Balendonck, Jos and Barth, Ruud and Ben-Shahar, Ohad and Edan, Yael and Hellstr{\"o}m, Thomas and Hemming, Jochen and Kurtser, Polina and Ringdahl, Ola and Tielen, Toon and others},
  journal={Journal of Field Robotics},
  year={2020},
  publisher={Wiley Online Library}
}
@inproceedings{qi2018frustum,
  title={Frustum pointnets for 3d object detection from rgb-d data},
  author={Qi, Charles R and Liu, Wei and Wu, Chenxia and Su, Hao and Guibas, Leonidas J},
  booktitle={Proceedings of the IEEE conference on computer vision and pattern recognition},
  pages={918--927},
  year={2018}
}
@inproceedings{qi2017pointnet,
  title={Pointnet: Deep learning on point sets for 3d classification and segmentation},
  author={Qi, Charles R and Su, Hao and Mo, Kaichun and Guibas, Leonidas J},
  booktitle={Proceedings of the IEEE conference on computer vision and pattern recognition},
  pages={652--660},
  year={2017}
}

@article{qi2017pointnet++,
  title={Pointnet++: Deep hierarchical feature learning on point sets in a metric space},
  author={Qi, Charles Ruizhongtai and Yi, Li and Su, Hao and Guibas, Leonidas J},
  journal={Advances in neural information processing systems},
  volume={30},
  pages={5099--5108},
  year={2017}
}

@article{bhargava2018fruits,
  title={Fruits and vegetables quality evaluation using computer vision: A review},
  author={Bhargava, Anuja and Bansal, Atul},
  journal={Journal of King Saud University-Computer and Information Sciences},
  year={2018},
  publisher={Elsevier}
}

@article{huang1996computer,
  title={Computer vision: Evolution and promise},
  author={Huang, Thomas},
  year={1996},
  publisher={Cern}
}

@article{zhang2019skynet,
  title={Skynet: a hardware-efficient method for object detection and tracking on embedded systems},
  author={Zhang, Xiaofan and Lu, Haoming and Hao, Cong and Li, Jiachen and Cheng, Bowen and Li, Yuhong and Rupnow, Kyle and Xiong, Jinjun and Huang, Thomas and Shi, Honghui and others},
  journal={arXiv preprint arXiv:1909.09709},
  year={2019}
}

@article{karami2017image,
  title={Image identification using SIFT algorithm: Performance analysis against different image deformations},
  author={Karami, Ebrahim and Shehata, Mohamed and Smith, Andrew},
  journal={arXiv preprint arXiv:1710.02728},
  year={2017}
}

@inproceedings{bay2006surf,
  title={Surf: Speeded up robust features},
  author={Bay, Herbert and Tuytelaars, Tinne and Van Gool, Luc},
  booktitle={European conference on computer vision},
  pages={404--417},
  year={2006},
  organization={Springer}
}

@inproceedings{rosten2006machine,
  title={Machine learning for high-speed corner detection},
  author={Rosten, Edward and Drummond, Tom},
  booktitle={European conference on computer vision},
  pages={430--443},
  year={2006},
  organization={Springer}
}

@article{goldenshluger2004hough,
  title={The Hough Transform Estimator},
  author={Goldenshluger, Alexander and Zeevi, Assaf and others},
  journal={The Annals of Statistics},
  volume={32},
  number={5},
  pages={1908--1932},
  year={2004},
  publisher={Institute of Mathematical Statistics}
}


@article{tsai1994geometric,
  title={Geometric hashing with line features},
  author={Tsai, Frank CD},
  journal={Pattern Recognition},
  volume={27},
  number={3},
  pages={377--389},
  year={1994},
  publisher={Elsevier}
}


@inproceedings{deng2009imagenet,
  title={ImageNet: A Large-scale Hierarchical Image Database},
  author={Deng, Jia and Dong, Wei and Socher, Richard and Li, Li-Jia and Li, Kai and Fei-Fei, Li},
  booktitle={2009 IEEE conference on computer vision and pattern recognition},
  pages={248--255},
  year={2009},
  organization={Ieee}
}
@article{krizhevsky2017imagenet,
  title={ImageNet Classification with Deep Convolutional Neural Networks},
  author={Krizhevsky, Alex and Sutskever, Ilya and Hinton, Geoffrey E},
  journal={Communications of the ACM},
  volume={60},
  number={6},
  pages={84--90},
  year={2017},
  publisher={AcM New York, NY, USA}
}
@article{mcculloch1943logical,
  title={A logical calculus of the ideas immanent in nervous activity},
  author={McCulloch, Warren S and Pitts, Walter},
  journal={The bulletin of mathematical biophysics},
  volume={5},
  number={4},
  pages={115--133},
  year={1943},
  publisher={Springer}
}

@article{singh2018fotonnet,
  title={FotonNet: A HW-Efficient Object Detection System Using 3D-Depth Segmentation and 2D-DNN Classifier},
  author={Singh, Gurjeet and Miao, Sun and Shi, Shi and Chiang, Patrick},
  journal={arXiv preprint arXiv:1811.07493},
  year={2018}
}

@MISC{objectron2021dataset,
  title        = "Announcing the Objectron Dataset",
  author       = "{Google AI}",
  year         =  2020,
  url = {https://ai.googleblog.com/2020/11/announcing-objectron-dataset.html},
  urldate  = {6th of January 2021}
}


@article{han2019image,
  title={Image-based 3d object reconstruction: State-of-the-art and trends in the deep learning era},
  author={Han, Xianfeng and Laga, Hamid and Bennamoun, Mohammed},
  journal={IEEE transactions on pattern analysis and machine intelligence},
  year={2019},
  publisher={IEEE}
}

@inproceedings{tian2019occlusion,
  title={Occlusion and Collision Aware Smartphone AR Using Time-of-Flight Camera},
  author={Tian, Yuan and Ma, Yuxin and Quan, Shuxue and Xu, Yi},
  booktitle={International Symposium on Visual Computing},
  pages={141--153},
  year={2019},
  organization={Springer}
}

@inproceedings{yan2016perspective,
  title={Perspective Transformer Nets: Learning Single-View 3D Object Reconstruction without 3D Supervision},
  author={Yan, Xinchen and Yang, Jimei and Yumer, Ersin and Guo, Yijie and Lee, Honglak},
  booktitle={Advances in neural information processing systems},
  pages={1696--1704},
  year={2016}
}

@inproceedings{choy20163d,
  title={3d-r2n2: A unified approach for single and multi-view 3d object reconstruction},
  author={Choy, Christopher B and Xu, Danfei and Gwak, JunYoung and Chen, Kevin and Savarese, Silvio},
  booktitle={European conference on computer vision},
  pages={628--644},
  year={2016},
  organization={Springer}
}

@article{wu2016learning,
  title={Learning a probabilistic latent space of object shapes via 3d generative-adversarial modeling},
  author={Wu, Jiajun and Zhang, Chengkai and Xue, Tianfan and Freeman, Bill and Tenenbaum, Josh},
  journal={Advances in neural information processing systems},
  volume={29},
  pages={82--90},
  year={2016}
}

@inproceedings{tatarchenko2017octree,
  title={Octree generating networks: Efficient convolutional architectures for high-resolution 3d outputs},
  author={Tatarchenko, Maxim and Dosovitskiy, Alexey and Brox, Thomas},
  booktitle={Proceedings of the IEEE International Conference on Computer Vision},
  pages={2088--2096},
  year={2017}
}
@inproceedings{riegler2017octnet,
  title={Octnet: Learning deep 3d representations at high resolutions},
  author={Riegler, Gernot and Osman Ulusoy, Ali and Geiger, Andreas},
  booktitle={Proceedings of the IEEE Conference on Computer Vision and Pattern Recognition},
  pages={3577--3586},
  year={2017}
}

@inproceedings{park2019deepsdf,
  title={Deepsdf: Learning continuous signed distance functions for shape representation},
  author={Park, Jeong Joon and Florence, Peter and Straub, Julian and Newcombe, Richard and Lovegrove, Steven},
  booktitle={Proceedings of the IEEE Conference on Computer Vision and Pattern Recognition},
  pages={165--174},
  year={2019}
}

@article{chen2019learning,
  title={Learning exploration policies for navigation},
  author={Chen, Tao and Gupta, Saurabh and Gupta, Abhinav},
  journal={arXiv preprint arXiv:1903.01959},
  year={2019}
}

@inproceedings{mescheder2019occupancy,
  title={Occupancy networks: Learning 3d reconstruction in function space},
  author={Mescheder, Lars and Oechsle, Michael and Niemeyer, Michael and Nowozin, Sebastian and Geiger, Andreas},
  booktitle={Proceedings of the IEEE Conference on Computer Vision and Pattern Recognition},
  pages={4460--4470},
  year={2019}
}

@inproceedings{pontes2018image2mesh,
  title={Image2mesh: A learning framework for single image 3d reconstruction},
  author={Pontes, Jhony K and Kong, Chen and Sridharan, Sridha and Lucey, Simon and Eriksson, Anders and Fookes, Clinton},
  booktitle={Asian Conference on Computer Vision},
  pages={365--381},
  year={2018},
  organization={Springer}
}

@inproceedings{kurenkov2018deformnet,
  title={Deformnet: Free-form deformation network for 3d shape reconstruction from a single image},
  author={Kurenkov, Andrey and Ji, Jingwei and Garg, Animesh and Mehta, Viraj and Gwak, JunYoung and Choy, Christopher and Savarese, Silvio},
  booktitle={2018 IEEE Winter Conference on Applications of Computer Vision (WACV)},
  pages={858--866},
  year={2018},
  organization={IEEE}
}
@inproceedings{fan2017point,
  title={A point set generation network for 3d object reconstruction from a single image},
  author={Fan, Haoqiang and Su, Hao and Guibas, Leonidas J},
  booktitle={Proceedings of the IEEE conference on computer vision and pattern recognition},
  pages={605--613},
  year={2017}
}

@inproceedings{arsalan2017synthesizing,
  title={Synthesizing 3d shapes via modeling multi-view depth maps and silhouettes with deep generative networks},
  author={Arsalan Soltani, Amir and Huang, Haibin and Wu, Jiajun and Kulkarni, Tejas D and Tenenbaum, Joshua B},
  booktitle={Proceedings of the IEEE conference on computer vision and pattern recognition},
  pages={1511--1519},
  year={2017}
}

@article{wang2017cnn,
  title={O-cnn: Octree-based convolutional neural networks for 3d shape analysis},
  author={Wang, Peng-Shuai and Liu, Yang and Guo, Yu-Xiao and Sun, Chun-Yu and Tong, Xin},
  journal={ACM Transactions on Graphics (TOG)},
  volume={36},
  number={4},
  pages={1--11},
  year={2017},
  publisher={ACM New York, NY, USA}
}

@book{meagher1980octree,
  title={Octree encoding: A new technique for the representation, manipulation and display of arbitrary 3-d objects by computer},
  author={Meagher, Donald},
  year={1980},
  publisher={Electrical and Systems Engineering Department Rensselaer  Polytechnic}
}
@inproceedings{xie2020pointcontrast,
  title={PointContrast: Unsupervised pre-training for 3D point cloud understanding},
  author={Xie, Saining and Gu, Jiatao and Guo, Demi and Qi, Charles R and Guibas, Leonidas and Litany, Or},
  booktitle={European Conference on Computer Vision},
  pages={574--591},
  year={2020},
  organization={Springer}
}
@article{wang2020pre,
  title={Pre-Training by Completing Point Clouds},
  author={Wang, Hanchen and Liu, Qi and Yue, Xiangyu and Lasenby, Joan and Kusner, Matthew J},
  journal={arXiv preprint arXiv:2010.01089},
  year={2020}
}
@article{chang2015shapenet,
  title={Shapenet: An information-rich 3d model repository},
  author={Chang, Angel X and Funkhouser, Thomas and Guibas, Leonidas and Hanrahan, Pat and Huang, Qixing and Li, Zimo and Savarese, Silvio and Savva, Manolis and Song, Shuran and Su, Hao and others},
  journal={arXiv preprint arXiv:1512.03012},
  year={2015}
}

@article{sahin2020review,
  title={A review on object pose recovery: from 3d bounding box detectors to full 6d pose estimators},
  author={Sahin, Caner and Garcia-Hernando, Guillermo and Sock, Juil and Kim, Tae-Kyun},
  journal={Image and Vision Computing},
  pages={103898},
  year={2020},
  publisher={Elsevier}
}
@inproceedings{gupta2015aligning,
  title={Aligning 3D models to RGB-D images of cluttered scenes},
  author={Gupta, Saurabh and Arbel{\'a}ez, Pablo and Girshick, Ross and Malik, Jitendra},
  booktitle={Proceedings of the IEEE conference on computer vision and pattern recognition},
  pages={4731--4740},
  year={2015}
}
@inproceedings{li2019gs3d,
  title={Gs3d: An efficient 3d object detection framework for autonomous driving},
  author={Li, Buyu and Ouyang, Wanli and Sheng, Lu and Zeng, Xingyu and Wang, Xiaogang},
  booktitle={Proceedings of the IEEE Conference on Computer Vision and Pattern Recognition},
  pages={1019--1028},
  year={2019}
}
@inproceedings{engelcke2017vote3deep,
  title={Vote3deep: Fast object detection in 3d point clouds using efficient convolutional neural networks},
  author={Engelcke, Martin and Rao, Dushyant and Wang, Dominic Zeng and Tong, Chi Hay and Posner, Ingmar},
  booktitle={2017 IEEE International Conference on Robotics and Automation (ICRA)},
  pages={1355--1361},
  year={2017},
  organization={IEEE}
}

@inproceedings{michel2017global,
  title={Global hypothesis generation for 6D object pose estimation},
  author={Michel, Frank and Kirillov, Alexander and Brachmann, Eric and Krull, Alexander and Gumhold, Stefan and Savchynskyy, Bogdan and Rother, Carsten},
  booktitle={Proceedings of the IEEE Conference on Computer Vision and Pattern Recognition},
  pages={462--471},
  year={2017}
}

@inproceedings{zhou2018voxelnet,
  title={Voxelnet: End-to-end learning for point cloud based 3d object detection},
  author={Zhou, Yin and Tuzel, Oncel},
  booktitle={Proceedings of the IEEE Conference on Computer Vision and Pattern Recognition},
  pages={4490--4499},
  year={2018}
}

@inproceedings{zhang2017deepcontext,
  title={Deepcontext: Context-encoding neural pathways for 3d holistic scene understanding},
  author={Zhang, Yinda and Bai, Mingru and Kohli, Pushmeet and Izadi, Shahram and Xiao, Jianxiong},
  booktitle={Proceedings of the IEEE international conference on computer vision},
  pages={1192--1201},
  year={2017}
}
@inproceedings{kehl2017ssd,
  title={Ssd-6d: Making rgb-based 3d detection and 6d pose estimation great again},
  author={Kehl, Wadim and Manhardt, Fabian and Tombari, Federico and Ilic, Slobodan and Navab, Nassir},
  booktitle={Proceedings of the IEEE International Conference on Computer Vision},
  pages={1521--1529},
  year={2017}
}

@inproceedings{rios2013discriminatively,
  title={Discriminatively trained templates for 3d object detection: A real time scalable approach},
  author={Rios-Cabrera, Reyes and Tuytelaars, Tinne},
  booktitle={Proceedings of the IEEE international conference on computer vision},
  pages={2048--2055},
  year={2013}
}

@inproceedings{drost2010model,
  title={Model globally, match locally: Efficient and robust 3D object recognition},
  author={Drost, Bertram and Ulrich, Markus and Navab, Nassir and Ilic, Slobodan},
  booktitle={2010 IEEE computer society conference on computer vision and pattern recognition},
  pages={998--1005},
  year={2010},
  organization={Ieee}
}
@inproceedings{hinterstoisser2012model,
  title={Model based training, detection and pose estimation of texture-less 3d objects in heavily cluttered scenes},
  author={Hinterstoisser, Stefan and Lepetit, Vincent and Ilic, Slobodan and Holzer, Stefan and Bradski, Gary and Konolige, Kurt and Navab, Nassir},
  booktitle={Asian conference on computer vision},
  pages={548--562},
  year={2012},
  organization={Springer}
}

@inproceedings{xu2018pointfusion,
  title={Pointfusion: Deep sensor fusion for 3d bounding box estimation},
  author={Xu, Danfei and Anguelov, Dragomir and Jain, Ashesh},
  booktitle={Proceedings of the IEEE Conference on Computer Vision and Pattern Recognition},
  pages={244--253},
  year={2018}
}
@article{hegde2016fusionnet,
  title={FusionNet: 3d Object Classification using Multiple Data Representations},
  author={Hegde, Vishakh and Zadeh, Reza},
  journal={arXiv preprint arXiv:1607.05695},
  year={2016}
}
@inproceedings{shi2019pointrcnn,
  title={Pointrcnn: 3d object proposal generation and detection from point cloud},
  author={Shi, Shaoshuai and Wang, Xiaogang and Li, Hongsheng},
  booktitle={Proceedings of the IEEE Conference on Computer Vision and Pattern Recognition},
  pages={770--779},
  year={2019}
}


100
@inproceedings{qi2018frustum,
  title={Frustum pointnets for 3d object detection from rgb-d data},
  author={Qi, Charles R and Liu, Wei and Wu, Chenxia and Su, Hao and Guibas, Leonidas J},
  booktitle={Proceedings of the IEEE conference on computer vision and pattern recognition},
  pages={918--927},
  year={2018}
}

@inproceedings{Ku_2019,
	doi = {10.1109/cvpr.2019.01214},
	url = {https://doi.org/10.1109%2Fcvpr.2019.01214},
	year = 2019,
	month = {jun},
	publisher = {{IEEE}},
	author = {Jason Ku and Alex D. Pon and Steven L. Waslander},
	title = {Monocular 3D Object Detection Leveraging Accurate Proposals and Shape Reconstruction},
	booktitle = {2019 {IEEE}/{CVF} Conference on Computer Vision and Pattern Recognition ({CVPR})}
}
@inproceedings{Ku_2018,
	doi = {10.1109/iros.2018.8594049},
	url = {https://doi.org/10.1109%2Firos.2018.8594049},
	year = 2018,
	month = {oct},
	publisher = {{IEEE}},
	author = {Jason Ku and Melissa Mozifian and Jungwook Lee and Ali Harakeh and Steven L. Waslander},
	title = {Joint 3D Proposal Generation and Object Detection from View Aggregation},
	booktitle = {2018 {IEEE}/{RSJ} International Conference on Intelligent Robots and Systems ({IROS})}
}
@inproceedings{Munoz_2016,
	doi = {10.1109/icra.2016.7487781},
	url = {https://doi.org/10.1109%2Ficra.2016.7487781},
	year = 2016,
	month = {may},
	publisher = {{IEEE}},
	author = {E. Munoz and Y. Konishi and V. Murino and A. Del Bue},
	title = {Fast 6D pose estimation for texture-less objects from a single {RGB} image},
	booktitle = {2016 {IEEE} International Conference on Robotics and Automation ({ICRA})}
}
@inproceedings{Mohamad_2014,
	doi = {10.1109/3dv.2014.21},
	url = {https://doi.org/10.1109%2F3dv.2014.21},
	year = 2014,
	month = {dec},
	publisher = {{IEEE}},
	author = {Mustafa Mohamad and David Rappaport and Michael Greenspan},
	title = {Generalized 4-Points Congruent Sets for 3D Registration},
	booktitle = {2014 2nd International Conference on 3D Vision}
}
@inproceedings{Wang_2019,
	doi = {10.1109/cvpr.2019.00275},
	url = {https://doi.org/10.1109%2Fcvpr.2019.00275},
	year = 2019,
	month = {jun},
	publisher = {{IEEE}},
	author = {He Wang and Srinath Sridhar and Jingwei Huang and Julien Valentin and Shuran Song and Leonidas J. Guibas},
	title = {Normalized Object Coordinate Space for Category-Level 6D Object Pose and Size Estimation},
	booktitle = {2019 {IEEE}/{CVF} Conference on Computer Vision and Pattern Recognition ({CVPR})}
}



@article{kok2020trust,
title={Trust in robots: Challenges and opportunities},
author={Kok, Bing Cai and Soh, Harold},
journal={Current Robotics Reports},
pages={1--13},
year={2020},
publisher={Springer}
}
@article{trivedi2008soft,
title={Soft robotics: Biological inspiration, state of the art, and future research},
author={Trivedi, Deepak and Rahn, Christopher D and Kier, William M and Walker, Ian D},
journal={Applied bionics and biomechanics},
volume={5},
number={3},
pages={99--117},
year={2008},
publisher={IOS Press}
}
@article{silver2021reward,
  title={Reward is enough},
  author={Silver, David and Singh, Satinder and Precup, Doina and Sutton, Richard S},
  journal={Artificial Intelligence},
  pages={103535},
  year={2021},
  publisher={Elsevier}
}
@article{medathati2016bio,
title={Bio-inspired computer vision: Towards a synergistic approach of artificial and biological vision},
author={Medathati, NV Kartheek and Neumann, Heiko and Masson, Guillaume S and Kornprobst, Pierre},
journal={Computer Vision and Image Understanding},
volume={150},
pages={1--30},
year={2016},
publisher={Elsevier}
}
@inproceedings{ebrahimpour2019ventral,
title={Ventral-dorsal neural networks: object detection via selective attention},
author={Ebrahimpour, Mohammad K and Li, Jiayun and Yu, Yen-Yun and Reesee, Jackson and Moghtaderi, Azadeh and Yang, Ming-Hsuan and Noelle, David C},
booktitle={2019 IEEE Winter Conference on Applications of Computer Vision (WACV)},
pages={986--994},
year={2019},
organization={IEEE}
}
@article{diba2017temporal,
title={Temporal 3d convnets: New architecture and transfer learning for video classification},
author={Diba, Ali and Fayyaz, Mohsen and Sharma, Vivek and Karami, Amir Hossein and Arzani, Mohammad Mahdi and Yousefzadeh, Rahman and Van Gool, Luc},
journal={arXiv preprint arXiv:1711.08200},
year={2017}
}
@article{hou2019efficient,
title={An efficient 3d CNN for action/object segmentation in video},
author={Hou, Rui and Chen, Chen and Sukthankar, Rahul and Shah, Mubarak},
journal={arXiv preprint arXiv:1907.08895},
year={2019}
}
@inproceedings{lin2020using,
title={Using synthetic data and deep networks to recognize primitive shapes for object grasping},
author={Lin, Yunzhi and Tang, Chao and Chu, Fu-Jen and Vela, Patricio A},
booktitle={2020 IEEE International Conference on Robotics and Automation (ICRA)},
pages={10494--10501},
year={2020},
organization={IEEE}
}
@article{jang2017end,
title={End-to-end learning of semantic grasping},
author={Jang, Eric and Vijayanarasimhan, Sudheendra and Pastor, Peter and Ibarz, Julian and Levine, Sergey},
journal={arXiv preprint arXiv:1707.01932},
year={2017}
}
@inproceedings{cheng2018reinforcement,
title={Reinforcement learning of active vision for manipulating objects under occlusions},
author={Cheng, Ricson and Agarwal, Arpit and Fragkiadaki, Katerina},
booktitle={Conference on Robot Learning},
pages={422--431},
year={2018},
organization={PMLR}
}
@article{levine2018learning,
title={Learning hand-eye coordination for robotic grasping with deep learning and large-scale data collection},
author={Levine, Sergey and Pastor, Peter and Krizhevsky, Alex and Ibarz, Julian and Quillen, Deirdre},
journal={The International Journal of Robotics Research},
volume={37},
number={4-5},
pages={421--436},
year={2018},
publisher={SAGE Publications Sage UK: London, England}
}
@article{james2020rlbench,
title={Rlbench The robot learning benchmark and learning environment},
author={James, Stephen and Ma, Zicong and Arrojo, David Rovick and Davison, Andrew J},
journal={IEEE Robotics and Automation Letters},
volume={5},
number={2},
pages={3019--3026},
year={2020},
publisher={IEEE}
}
@article{chen2019learning,
title={Learning exploration policies for navigation},
author={Chen, Tao and Gupta, Saurabh and Gupta, Abhinav},
journal={arXiv preprint arXiv 1903.01959},
year={2019}
}
@article{simonyan2014two,
  title={Two-stream convolutional networks for action recognition in videos},
  author={Simonyan, Karen and Zisserman, Andrew},
  journal={arXiv preprint arXiv:1406.2199},
  year={2014}
}
@article{nivaggioli2019using,
title={USING 3D MODELS TO GENERATE LABELS FOR PANOPTIC SEGMENTATION OF INDUSTRIAL SCENES.},
author={Nivaggioli, A and Hullo, JF and Thibault, G},
journal={ISPRS Annals of Photogrammetry, Remote Sensing and Spatial Information Sciences},
volume={4},
year={2019}
}


@article{zisserman2004multiple,
title={Multiple view geometry in computer vision},
author={Zisserman, Richard Hartley Andrew},
year={2004}
}
@article{thrun2002probabilistic,
title={Probabilistic robotics},
author={Thrun, Sebastian},
journal={Communications of the ACM},
volume={45},
number={3},
pages={52--57},
year={2002},
publisher={ACM New York, NY, USA}
}
@book{lavalle2006planning,
title={Planning algorithms},
author={LaValle, Steven M},
year={2006},
publisher={Cambridge university press}
}
@article{cadena2016past,
title={Past, present, and future of simultaneous localization and mapping: Toward the robust-perception age},
author={Cadena, Cesar and Carlone, Luca and Carrillo, Henry and Latif, Yasir and Scaramuzza, Davide and Neira, Jos{\'e} and Reid, Ian and Leonard, John J},
journal={IEEE Transactions on robotics},
volume={32},
number={6},
pages={1309--1332},
year={2016},
publisher={IEEE}
}
@article{martinez2009bayesian,
title={A Bayesian exploration-exploitation approach for optimal online sensing and planning with a visually guided mobile robot},
author={Martinez-Cantin, Ruben and De Freitas, Nando and Brochu, Eric and Castellanos, Jos{\'e} and Doucet, Arnaud},
journal={Autonomous Robots},
volume={27},
number={2},
pages={93--103},
year={2009},
publisher={Springer}
}
@inproceedings{carrillo2012comparison,
title={On the comparison of uncertainty criteria for active SLAM},
author={Carrillo, Henry and Reid, Ian and Castellanos, Jos{\'e} A},
booktitle={2012 IEEE International Conference on Robotics and Automation},
pages={2080--2087},
year={2012},
organization={IEEE}
}
@inproceedings{gandhilearning,
title={Learning to fly by crashing. In 2017 IEEE},
author={Gandhi, Dhiraj and Pinto, Lerrel and Gupta, Abhinav},
booktitle={RSJ International Conference on Intelligent Robots and Systems (IROS)},
pages={3948--3955}
}

@article{sadeghi2rl,
  title={Cad2rl: Real single-image flight without a single real image},
  author={Sadeghi, Fereshteh and Levine, Sergey},
  journal={arXiv preprint arXiv:1611.04201},
  year={2016}
}
@article{zhang2017neural,
title={Neural slam: Learning to explore with external memory},
author={Zhang, Jingwei and Tai, Lei and Liu, Ming and Boedecker, Joschka and Burgard, Wolfram},
journal={arXiv preprint arXiv:1706.09520},
year={2017}
}
@inproceedings{schmidhuber1991possibility,
title={A possibility for implementing curiosity and boredom in model-building neural controllers},
author={Schmidhuber, J{\"u}rgen},
booktitle={Proc. of the international conference on simulation of adaptive behavior: From animals to animats},
pages={222--227},
year={1991}
}
@article{stadie2015incentivizing,
title={Incentivizing exploration in reinforcement learning with deep predictive models},
author={Stadie, Bradly C and Levine, Sergey and Abbeel, Pieter},
journal={arXiv preprint arXiv:1507.00814},
year={2015}
}
@inproceedings{pathak2017curiosity,
title={Curiosity-driven exploration by self-supervised prediction},
author={Pathak, Deepak and Agrawal, Pulkit and Efros, Alexei A and Darrell, Trevor},
booktitle={International conference on machine learning},
pages={2778--2787},
year={2017},
organization={PMLR}
}
@article{fu2017ex2,
title={Ex2: Exploration with exemplar models for deep reinforcement learning},
author={Fu, Justin and Co-Reyes, John D and Levine, Sergey},
journal={arXiv preprint arXiv:1703.01260},
year={2017}
}
@inproceedings{lopes2012exploration,
title={Exploration in model-based reinforcement learning by empirically estimating learning progress},
author={Lopes, Manuel and Lang, Tobias and Toussaint, Marc and Oudeyer, Pierre-Yves},
booktitle={Neural Information Processing Systems (NIPS)},
year={2012}
}
@techreport{singh2005intrinsically,
title={Intrinsically motivated reinforcement learning},
author={Singh, Satinder and Barto, Andrew G and Chentanez, Nuttapong},
year={2005},
institution={MASSACHUSETTS UNIV AMHERST DEPT OF COMPUTER SCIENCE}
}
@inproceedings{jayaraman2018learning,
title={Learning to look around: Intelligently exploring unseen environments for unknown tasks},
author={Jayaraman, Dinesh and Grauman, Kristen},
booktitle={Proceedings of the IEEE Conference on Computer Vision and Pattern Recognition},
pages={1238--1247},
year={2018}
}
@article{xu2017autonomous,
title={Autonomous reconstruction of unknown indoor scenes guided by time-varying tensor fields},
author={Xu, Kai and Zheng, Lintao and Yan, Zihao and Yan, Guohang and Zhang, Eugene and Niessner, Matthias and Deussen, Oliver and Cohen-Or, Daniel and Huang, Hui},
journal={ACM Transactions on Graphics (TOG)},
volume={36},
number={6},
pages={1--15},
year={2017},
publisher={ACM New York, NY, USA}
}
@inproceedings{bai2016information,
title={Information-theoretic exploration with Bayesian optimization},
author={Bai, Shi and Wang, Jinkun and Chen, Fanfei and Englot, Brendan},
booktitle={2016 IEEE/RSJ International Conference on Intelligent Robots and Systems (IROS)},
pages={1816--1822},
year={2016},
organization={IEEE}
}
@article{kollar2008trajectory,
title={Trajectory optimization using reinforcement learning for map exploration},
author={Kollar, Thomas and Roy, Nicholas},
journal={The International Journal of Robotics Research},
volume={27},
number={2},
pages={175--196},
year={2008},
publisher={Sage Publications Sage UK: London, England}
}

@article{bajcsy1988active,
title={Active perception},
author={Bajcsy, Ruzena},
journal={Proceedings of the IEEE},
volume={76},
number={8},
pages={966--1005},
year={1988},
publisher={IEEE}
}
@inproceedings{ammirato2017dataset,
title={A dataset for developing and benchmarking active vision},
author={Ammirato, Phil and Poirson, Patrick and Park, Eunbyung and Ko{\v{s}}eck{\'a}, Jana and Berg, Alexander C},
booktitle={2017 IEEE International Conference on Robotics and Automation (ICRA)},
pages={1378--1385},
year={2017},
organization={IEEE}
}
@inproceedings{yang2019embodied,
title={Embodied amodal recognition: Learning to move to perceive objects},
author={Yang, Jianwei and Ren, Zhile and Xu, Mingze and Chen, Xinlei and Crandall, David J and Parikh, Devi and Batra, Dhruv},
booktitle={Proceedings of the IEEE/CVF International Conference on Computer Vision},
pages={2040--2050},
year={2019}
}

@article{chaplot2018active,
title={Active neural localization},
author={Chaplot, Devendra Singh and Parisotto, Emilio and Salakhutdinov, Ruslan},
journal={arXiv preprint arXiv:1801.08214},
year={2018}
}
@article{fox1998active,
title={Active markov localization for mobile robots},
author={Fox, Dieter and Burgard, Wolfram and Thrun, Sebastian},
journal={Robotics and Autonomous Systems},
volume={25},
number={3-4},
pages={195--207},
year={1998},
publisher={Elsevier}
}
@article{auer2002using,
title={Using confidence bounds for exploitation-exploration trade-offs},
author={Auer, Peter},
journal={Journal of Machine Learning Research},
volume={3},
number={Nov},
pages={397--422},
year={2002}
}
@article{jaksch2010near,
title={Near-optimal Regret Bounds for Reinforcement Learning.},
author={Jaksch, Thomas and Ortner, Ronald and Auer, Peter},
journal={Journal of Machine Learning Research},
volume={11},
number={4},
year={2010}
}
@inproceedings{schmidhuber1991possibility,
title={A possibility for implementing curiosity and boredom in model-building neural controllers},
author={Schmidhuber, J{\"u}rgen},
booktitle={Proc. of the international conference on simulation of adaptive behavior: From animals to animats},
pages={222--227},
year={1991}
}
@book{sutton2018reinforcement,
title={Reinforcement learning: An introduction},
author={Sutton, Richard S and Barto, Andrew G},
year={2018},
publisher={MIT press}
}
@article{eysenbach2018diversity,
title={Diversity is all you need: Learning skills without a reward function},
author={Eysenbach, Benjamin and Gupta, Abhishek and Ibarz, Julian and Levine, Sergey},
journal={arXiv preprint arXiv:1802.06070},
year={2018}
}

@inproceedings{gupta2017cognitive,
title={Cognitive mapping and planning for visual navigation},
author={Gupta, Saurabh and Davidson, James and Levine, Sergey and Sukthankar, Rahul and Malik, Jitendra},
booktitle={Proceedings of the IEEE Conference on Computer Vision and Pattern Recognition},
pages={2616--2625},
year={2017}
}
@article{savva2017minos,
title={MINOS: Multimodal indoor simulator for navigation in complex environments},
author={Savva, Manolis and Chang, Angel X and Dosovitskiy, Alexey and Funkhouser, Thomas and Koltun, Vladlen},
journal={arXiv preprint arXiv:1712.03931},
year={2017}
}
@inproceedings{anderson2018vision,
title={Vision-and-language navigation: Interpreting visually-grounded navigation instructions in real environments},
author={Anderson, Peter and Wu, Qi and Teney, Damien and Bruce, Jake and Johnson, Mark and S{\"u}nderhauf, Niko and Reid, Ian and Gould, Stephen and Van Den Hengel, Anton},
booktitle={Proceedings of the IEEE Conference on Computer Vision and Pattern Recognition},
pages={3674--3683},
year={2018}
}
@inproceedings{chaplot2017arnold,
title={Arnold: An autonomous agent to play fps games},
author={Chaplot, Devendra Singh and Lample, Guillaume},
booktitle={Thirty-First AAAI Conference on Artificial Intelligence},
year={2017}
}
@article{dosovitskiy2016learning,
title={Learning to act by predicting the future},
author={Dosovitskiy, Alexey and Koltun, Vladlen},
journal={arXiv preprint arXiv:1611.01779},
year={2016}
}
@inproceedings{gupta2017cognitive,
title={Cognitive mapping and planning for visual navigation},
author={Gupta, Saurabh and Davidson, James and Levine, Sergey and Sukthankar, Rahul and Malik, Jitendra},
booktitle={Proceedings of the IEEE Conference on Computer Vision and Pattern Recognition},
pages={2616--2625},
year={2017}
}
@inproceedings{lample2017playing,
title={Playing FPS games with deep reinforcement learning},
author={Lample, Guillaume and Chaplot, Devendra Singh},
booktitle={Thirty-First AAAI Conference on Artificial Intelligence},
year={2017}
}
@article{mirowski2016learning,
title={Learning to navigate in complex environments},
author={Mirowski, Piotr and Pascanu, Razvan and Viola, Fabio and Soyer, Hubert and Ballard, Andrew J and Banino, Andrea and Denil, Misha and Goroshin, Ross and Sifre, Laurent and Kavukcuoglu, Koray and others},
journal={arXiv preprint arXiv:1611.03673},
year={2016}
}
@article{wu2016training,
title={Training agent for first-person shooter game with actor-critic curriculum learning},
author={Wu, Yuxin and Tian, Yuandong},
year={2016}
}
@inproceedings{chaplot2018gated,
title={Gated-attention architectures for task-oriented language grounding},
author={Chaplot, Devendra Singh and Sathyendra, Kanthashree Mysore and Pasumarthi, Rama Kumar and Rajagopal, Dheeraj and Salakhutdinov, Ruslan},
booktitle={Thirty-Second AAAI Conference on Artificial Intelligence},
year={2018}
}
@article{hermann2017grounded,
title={Grounded language learning in a simulated 3d world},
author={Hermann, Karl Moritz and Hill, Felix and Green, Simon and Wang, Fumin and Faulkner, Ryan and Soyer, Hubert and Szepesvari, David and Czarnecki, Wojciech Marian and Jaderberg, Max and Teplyashin, Denis and others},
journal={arXiv preprint arXiv:1706.06551},
year={2017}
}
@inproceedings{das2018embodied,
title={Embodied question answering},
author={Das, Abhishek and Datta, Samyak and Gkioxari, Georgia and Lee, Stefan and Parikh, Devi and Batra, Dhruv},
booktitle={Proceedings of the IEEE Conference on Computer Vision and Pattern Recognition},
pages={1--10},
year={2018}
}
@inproceedings{gordon2018iqa,
title={Iqa: Visual question answering in interactive environments},
author={Gordon, Daniel and Kembhavi, Aniruddha and Rastegari, Mohammad and Redmon, Joseph and Fox, Dieter and Farhadi, Ali},
booktitle={Proceedings of the IEEE conference on computer vision and pattern recognition},
pages={4089--4098},
year={2018}
}
@inproceedings{chaplot2020neural,
title={Neural topological slam for visual navigation},
author={Chaplot, Devendra Singh and Salakhutdinov, Ruslan and Gupta, Abhinav and Gupta, Saurabh},
booktitle={Proceedings of the IEEE/CVF Conference on Computer Vision and Pattern Recognition},
pages={12875--12884},
year={2020}
}
@inproceedings{zhu2017target,
title={Target-driven visual navigation in indoor scenes using deep reinforcement learning},
author={Zhu, Yuke and Mottaghi, Roozbeh and Kolve, Eric and Lim, Joseph J and Gupta, Abhinav and Fei-Fei, Li and Farhadi, Ali},
booktitle={2017 IEEE international conference on robotics and automation (ICRA)},
pages={3357--3364},
year={2017},
organization={IEEE}
}
@article{chaplot2020learning,
title={Learning to explore using active neural slam},
author={Chaplot, Devendra Singh and Gandhi, Dhiraj and Gupta, Saurabh and Gupta, Abhinav and Salakhutdinov, Ruslan},
journal={arXiv preprint arXiv:2004.05155},
year={2020}
}

@inproceedings{fang2019scene,
title={Scene memory transformer for embodied agents in long-horizon tasks},
author={Fang, Kuan and Toshev, Alexander and Fei-Fei, Li and Savarese, Silvio},
booktitle={Proceedings of the IEEE/CVF Conference on Computer Vision and Pattern Recognition},
pages={538--547},
year={2019}
}

@inproceedings{chaplot2020semantic,
title={Semantic curiosity for active visual learning},
author={Chaplot, Devendra Singh and Jiang, Helen and Gupta, Saurabh and Gupta, Abhinav},
booktitle={European Conference on Computer Vision},
pages={309--326},
year={2020},
organization={Springer}
}
@inproceedings{cruz2012kinect,
title={Kinect and rgbd images: Challenges and applications},
author={Cruz, Leandro and Lucio, Djalma and Velho, Luiz},
booktitle={2012 25th SIBGRAPI conference on graphics, patterns and images tutorials},
pages={36--49},
year={2012},
organization={IEEE}
}

@article{wagatsuma2018locus,
title={Locus coeruleus input to hippocampal CA3 drives single-trial learning of a novel context},
author={Wagatsuma, Akiko and Okuyama, Teruhiro and Sun, Chen and Smith, Lillian M and Abe, Kuniya and Tonegawa, Susumu},
journal={Proceedings of the National Academy of Sciences},
volume={115},
number={2},
pages={E310--E316},
year={2018},
publisher={National Acad Sciences}
}

@article{fahim2021single,
title={Single-view 3D reconstruction: a survey of deep learning methods},
author={Fahim, George and Amin, Khalid and Zarif, Sameh},
journal={Computers \& Graphics},
volume={94},
pages={164--190},
year={2021},
publisher={Elsevier}
}
@inproceedings{mcgraw2020high,
title={High-quality real-time raycasting and raytracing of streamtubes with sparse voxel octrees},
author={McGraw, Tim},
booktitle={2020 IEEE Visualization Conference (VIS)},
pages={21--25},
year={2020},
organization={IEEE}
}
@article{ahmed2018survey,
title={A survey on deep learning advances on different 3D data representations},
author={Ahmed, Eman and Saint, Alexandre and Shabayek, Abd El Rahman and Cherenkova, Kseniya and Das, Rig and Gusev, Gleb and Aouada, Djamila and Ottersten, Bjorn},
journal={arXiv preprint arXiv:1808.01462},
year={2018}
}
@article{ioannidou2017deep,
title={Deep learning advances in computer vision with 3d data: A survey},
author={Ioannidou, Anastasia and Chatzilari, Elisavet and Nikolopoulos, Spiros and Kompatsiaris, Ioannis},
journal={ACM Computing Surveys (CSUR)},
volume={50},
number={2},
pages={1--38},
year={2017},
publisher={ACM New York, NY, USA}
}
@MISC{open3D2021rgbd,
title = "RGBD Images",
author = "{Open3D}",
year = 2020,
url = {http://www.open3d.org/docs/latest/tutorial/Basic/rgbd_image.html},
urldate = {10 of August 2021}
}
@MISC{open3D2021icp,
title = "ICP Registration",
author = "{Open3D}",
year = 2020,
url = {http://www.open3d.org/docs/latest/tutorial/Basic/icp_registration.html},
urldate = {10 of August 2021}
}
@MISC{minecraft2020minastirith,
title = "Minecraft Middle Earth - Minas Tirith - Cinematic Showcase",
author = "{Minecraft Middle Earth}",
year = 2020,
url = {https://www.youtube.com/watch?v=KrDDHGACpok},
urldate = {11 of August 2021}
}
@article{jia2019new,
title={A new fast filtering algorithm for a 3D point cloud based on RGB-D information},
author={Jia, Chaochuan and Yang, Ting and Wang, Chuanjiang and Fan, Binghui and He, Fugui},
journal={PloS one},
volume={14},
number={8},
pages={e0220253},
year={2019},
publisher={Public Library of Science San Francisco, CA USA}
}
@article{huang2021comprehensive,
title={A comprehensive survey on point cloud registration},
author={Huang, Xiaoshui and Mei, Guofeng and Zhang, Jian and Abbas, Rana},
journal={arXiv preprint arXiv:2103.02690},
year={2021}
}
@MISC{open3D2021voxelization,
title = "Voxelization",
author = "{Open3D}",
year = 2020,
url = {http://www.open3d.org/docs/latest/tutorial/geometry/voxelization.html},
urldate = {10 of August 2021}
}
@MISC{open3D2021pointcloud,
title = "Point Cloud",
author = "{Open3D}",
year = 2020,
url = {http://www.open3d.org/docs/0.7.0/tutorial/Basic/pointcloud.html},
urldate = {10 of August 2021}
}
@inproceedings{saaidi2014multi,
title={Multi-view passive 3D reconstruction: comparison and evaluation of three techniques and a new method for 3D object reconstruction},
author={Saaidi, Abderrahim and Satori, Khalid and others},
booktitle={2014 International Conference on Next Generation Networks and Services (NGNS)},
pages={194--201},
year={2014},
organization={IEEE}
}
@article{chen1988survey,
title={A survey of construction and manipulation of octrees},
author={Chen, Homer H and Huang, Thomas S},
journal={Computer Vision, Graphics, and Image Processing},
volume={43},
number={3},
pages={409--431},
year={1988},
publisher={Elsevier}
}
@book{meagher1980octree,
title={Octree encoding: A new technique for the representation, manipulation and display of arbitrary 3-d objects by computer},
author={Meagher, Donald JR},
year={1980},
publisher={Electrical and Systems Engineering Department Rensseiaer Polytechnic~…}
}
@article{gobbetti2008single,
title={A single-pass GPU ray casting framework for interactive out-of-core rendering of massive volumetric datasets},
author={Gobbetti, Enrico and Marton, Fabio and Guiti{\'a}n, Jos{\'e} Antonio Iglesias},
journal={The Visual Computer},
volume={24},
number={7},
pages={797--806},
year={2008},
publisher={Springer}
}
@article{laine2010efficient,
title={Efficient sparse voxel octrees},
author={Laine, Samuli and Karras, Tero},
journal={IEEE Transactions on Visualization and Computer Graphics},
volume={17},
number={8},
pages={1048--1059},
year={2010},
publisher={IEEE}
}
@article{melero2019fast,
title={Fast collision detection between high resolution polygonal models},
author={Melero, Francisco Javier and Aguilera, {\'A}ngel and Feito, Francisco Ram{\'o}n},
journal={Computers \& Graphics},
volume={83},
pages={97--106},
year={2019},
publisher={Elsevier}
}
@article{liang2017sparse,
title={A sparse voxel octree-based framework for computing solar radiation using 3d city models},
author={Liang, Jianming and Gong, Jianhua},
journal={ISPRS International Journal of Geo-Information},
volume={6},
number={4},
pages={106},
year={2017},
publisher={Multidisciplinary Digital Publishing Institute}
}
@article{miltiadou2021comparative,
title={A Comparative Study about Data Structures Used for Efficient Management of Voxelised Full-Waveform Airborne LiDAR Data during 3D Polygonal Model Creation},
author={Miltiadou, Milto and Campbell, Neill DF and Cosker, Darren and Grant, Michael G},
journal={Remote Sensing},
volume={13},
number={4},
pages={559},
year={2021},
publisher={Multidisciplinary Digital Publishing Institute}
}
@article{knoll2006survey,
title={A survey of octree volume rendering methods},
author={Knoll, Aaron},
journal={GI, the Gesellschaft f{\"u}r Informatik},
pages={87},
year={2006}
}
@inproceedings{vespa2019adaptive,
title={Adaptive-resolution octree-based volumetric SLAM},
author={Vespa, Emanuele and Funk, Nils and Kelly, Paul HJ and Leutenegger, Stefan},
booktitle={2019 International Conference on 3D Vision (3DV)},
pages={654--662},
year={2019},
organization={IEEE}
}

@article{ravi2020pytorch3d,
author = {Nikhila Ravi and Jeremy Reizenstein and David Novotny and Taylor Gordon
and Wan-Yen Lo and Justin Johnson and Georgia Gkioxari},
title = {Accelerating 3D Deep Learning with PyTorch3D},
journal = {arXiv:2007.08501},
year = {2020},
}
@inproceedings{Fey/Lenssen/2019,
title={Fast Graph Representation Learning with {PyTorch Geometric}},
author={Fey, Matthias and Lenssen, Jan E.},
booktitle={ICLR Workshop on Representation Learning on Graphs and Manifolds},
year={2019},
}
@inproceedings{
tp3d,
title={Torch-Points3D: A Modular Multi-Task Frameworkfor Reproducible Deep Learning on 3D Point Clouds},
author={Chaton, Thomas and Chaulet Nicolas and Horache, Sofiane and Landrieu, Loic},
booktitle={2020 International Conference on 3D Vision (3DV)},
year={2020},
organization={IEEE},
url = {\url{https://github.com/nicolas-chaulet/torch-points3d}}
}
@inproceedings{najibi2020dops,
title={Dops: Learning to detect 3d objects and predict their 3d shapes},
author={Najibi, Mahyar and Lai, Guangda and Kundu, Abhijit and Lu, Zhichao and Rathod, Vivek and Funkhouser, Thomas and Pantofaru, Caroline and Ross, David and Davis, Larry S and Fathi, Alireza},
booktitle={Proceedings of the IEEE/CVF conference on computer vision and pattern recognition},
pages={11913--11922},
year={2020}
}
@inproceedings{qi2019deep,
title={Deep hough voting for 3d object detection in point clouds},
author={Qi, Charles R and Litany, Or and He, Kaiming and Guibas, Leonidas J},
booktitle={Proceedings of the IEEE/CVF International Conference on Computer Vision},
pages={9277--9286},
year={2019}
}
@inproceedings{jiang2020pointgroup,
title={Pointgroup: Dual-set point grouping for 3d instance segmentation},
author={Jiang, Li and Zhao, Hengshuang and Shi, Shaoshuai and Liu, Shu and Fu, Chi-Wing and Jia, Jiaya},
booktitle={Proceedings of the IEEE/CVF Conference on Computer Vision and Pattern Recognition},
pages={4867--4876},
year={2020}
}
@inproceedings{surendran2020scene,
title={Scene Understanding Using Deep Neural Networks—Objects, Actions, and Events: A Review},
author={Surendran, Ranjini and Hemanth, D Jude},
booktitle={International Conference on Innovative Computing and Communications: Proceedings of ICICC 2019, Volume 1},
volume={1087},
pages={223},
year={2020},
organization={Springer Nature}
}
@article{hackel2017semantic3d,
title={Semantic3d. net: A new large-scale point cloud classification benchmark},
author={Hackel, Timo and Savinov, Nikolay and Ladicky, Lubor and Wegner, Jan D and Schindler, Konrad and Pollefeys, Marc},
journal={arXiv preprint arXiv:1704.03847},
year={2017}
}
@article{zhang2021panoramic,
title={Panoramic Visual SLAM Technology for Spherical Images},
author={Zhang, Yi and Huang, Fei},
journal={Sensors},
volume={21},
number={3},
pages={705},
year={2021},
publisher={Multidisciplinary Digital Publishing Institute}
}
@article{wojek2012monocular,
title={Monocular visual scene understanding: Understanding multi-object traffic scenes},
author={Wojek, Christian and Walk, Stefan and Roth, Stefan and Schindler, Konrad and Schiele, Bernt},
journal={IEEE transactions on pattern analysis and machine intelligence},
volume={35},
number={4},
pages={882--897},
year={2012},
publisher={IEEE}
}
@article{taketomi2017visual,
title={Visual SLAM algorithms: a survey from 2010 to 2016},
author={Taketomi, Takafumi and Uchiyama, Hideaki and Ikeda, Sei},
journal={IPSJ Transactions on Computer Vision and Applications},
volume={9},
number={1},
pages={1--11},
year={2017},
publisher={SpringerOpen}
}
@article{rill2021collision,
title={Collision Avoidance Using Deep Learning-Based Monocular Vision},
author={Rill, R{\'o}bert-Adrian and Farag{\'o}, Kinga Bettina},
journal={SN Computer Science},
volume={2},
number={5},
pages={1--10},
year={2021},
publisher={Springer}
}
@article{davison2007monoslam,
title={MonoSLAM: Real-time single camera SLAM},
author={Davison, Andrew J and Reid, Ian D and Molton, Nicholas D and Stasse, Olivier},
journal={IEEE transactions on pattern analysis and machine intelligence},
volume={29},
number={6},
pages={1052--1067},
year={2007},
publisher={IEEE}
}

@MISC{opengenus2021octree,
title = "Octree data structure",
author = "{OpenGenus IQ}",
year = 2021,
url = {https://iq.opengenus.org/octree/},
urldate = {15 of August 2021}
}
@MISC{geeksforgeeks2021octree,
title = "Octree | Insertion and Searching ",
author = "{Geeks for Geeks}",
year = 2021,
url = {https://iq.opengenus.org/octree/},
urldate = {15 of August 2021}
}
@inproceedings{firman2016rgbd,
title={RGBD datasets: Past, present and future},
author={Firman, Michael},
booktitle={Proceedings of the IEEE conference on computer vision and pattern recognition workshops},
pages={19--31},
year={2016}
}
@article{juliani2018unity,
  title={Unity: A general platform for intelligent agents},
  author={Juliani, Arthur and Berges, Vincent-Pierre and Teng, Ervin and Cohen, Andrew and Harper, Jonathan and Elion, Chris and Goy, Chris and Gao, Yuan and Henry, Hunter and Mattar, Marwan and others},
  journal={arXiv preprint arXiv:1809.02627},
  year={2018}
}

@MISC{visoai2021detection,
title = "Object Detection in 2021: The Definitive Guide ",
author = "{viso.ai}",
year = 2021,
url = {https://viso.ai/deep-learning/object-detection/},
urldate = {17 of August 2021}
}
@article{collins2021review,
title={A Review of Physics Simulators for Robotic Applications},
author={Collins, Jack and Chand, Shelvin and Vanderkop, Anthony and Howard, David},
journal={IEEE Access},
year={2021},
publisher={IEEE}
}
@misc{8_andrews_2021, title={What is synthetic data?}, url={https://blogs.nvidia.com/blog/2021/06/08/what-is-synthetic-data/}, journal={The Official NVIDIA Blog}, author={8, June and Andrews, Gerard}, year={2021}, month={Jul}
}
@misc{gartner_inc2021synthetic, title={Maverick* Research: Forget About Your Real Data - Synthetic Data Is the Future of AI}, url={https://www.gartner.com/en/documents/4002912}, journal={Gartner}, author={Gartner_Inc}
}
@misc{unreal5_2021, title={Unreal Engine 5 is now available in Early Access!}, url={https://www.unrealengine.com/en-US/blog/unreal-engine-5-is-now-available-in-early-access}, journal={Unreal Engine}
}
@misc{spatial-io2021, title={Spatial}, url={https://spatial.io/}, journal={Virtual Spaces That Bring Us Together}
}
@misc{asma_2021, title={What is a 3D Modeled Environment?}, url={https://it-s.com/what-is-a-3d-modeled-environment/}, journal={ITS}, author={Asma}, year={2021}, month={Feb}
}
@MISC{osrf2021gazebosim,
title = "Gazebo Simulator",
author = "{Open Source Robotics Foundation}",
year = 2014,
url = {http://gazebosim.org/},
urldate = {17 of August 2021}
}
@MISC{mujoco,
title = "MuJoCo",
author = "{Roboti LLC}",
year = 2018,
url = {http://www.mujoco.org/},
urldate = {17 of August 2021}
}
@MISC{unity2021,
title = "Unity",
author = "{Unity Tecnologies}",
year = 2021,
url = {https://unity.com/},
urldate = {17 of August 2021}
}

@inproceedings{Dosovitskiy17,
title = { {CARLA}: {An} Open Urban Driving Simulator},
author = {Alexey Dosovitskiy and German Ros and Felipe Codevilla and Antonio Lopez and Vladlen Koltun},
booktitle = {Proceedings of the 1st Annual Conference on Robot Learning},
pages = {1--16},
year = {2017}
}
@MISC{scionti2021unreal5,
title = "Silentday Created with Unreal Engine 4.26 Physical Based Lighting Values",
author = "{Pasquale Scionti}",
year = 2021,
url = {https://www.artstation.com/artwork/9m6PWo},
urldate = {17 of August 2021}
}
@book{sutton1998introduction,
  title={Introduction to reinforcement learning},
  author={Sutton, Richard S and Barto, Andrew G and others},
  volume={135},
  year={1998},
  publisher={MIT press Cambridge}
}
@misc{eriksson2021deep,
  title={Deep Reinforcement Learning Applied to an Image-Based Sensor Control Task},
  author={Eriksson, Rickard},
  year={2021}
}
@misc{openaigym,
Author = {Greg Brockman and Vicki Cheung and Ludwig Pettersson and Jonas Schneider and John Schulman and Jie Tang and Wojciech Zaremba},
Title = {OpenAI Gym},
Year = {2016},
Eprint = {arXiv:1606.01540},
}

@misc{MultiHea51,
author = {Sovit Ranjan Rath},
title = {Multi-Head Deep Learning Models for Multi-Label Classification - DebuggerCafe},
howpublished = {\url{https://debuggercafe.com/multi-head-deep-learning-models-for-multi-label-classification/}},
month = {January},
year = {2021},
note = {(Accessed on 08/25/2021)}
}
@article{schulman2017proximal,
  title={Proximal policy optimization algorithms},
  author={Schulman, John and Wolski, Filip and Dhariwal, Prafulla and Radford, Alec and Klimov, Oleg},
  journal={arXiv preprint arXiv:1707.06347},
  year={2017}
}

@MISC{adobe2021creative3D,
title = "Announcing Adobe Substance 3D: Tools for the next generation of creativity",
author = "{Scott Belsky}",
year = 2021,
url = {https://blog.adobe.com/en/publish/2021/06/23/announcing-adobe-substance-3d-tools-for-the-next-generation-of-creativity.html},
urldate = {28 of August 2021}
}


@MISC{incredibuild2021unityvsunreal,
title = "Unity vs Unreal, What Kind of Game Dev Are You?",
author = "{Asaf Eldad}",
year = 2021,
url = {https://www.incredibuild.com/blog/unity-vs-unreal-what-kind-of-game-dev-are-you},
urldate = {28 of August 2021}
}


@MISC{unity-asset-store,
title = "Unity Asset Store - The Best Assets for Game Making",
author = "{Unity Technologies}",
year = 2021,
url = {https://assetstore.unity.com/},
urldate = {28 of August 2021}
}
@MISC{sketchfab2021,
title = "Sketchfab - The Best 3D Viewer",
author = "{Sketchfab}",
year = 2021,
url = {https://sketchfab.com/},
urldate = {28 of August 2021}
}

@MISC{unity_volumetric_light,
title = "[RELEASED] Hx Volumetric Lighting",
author = "{Lexie}",
year = 2016,
url = {https://forum.unity.com/threads/released-hx-volumetric-lighting.420343/},
urldate = {7 of September 2021}
}
@inproceedings{orts2016holoportation,
  title={Holoportation: Virtual 3d teleportation in real-time},
  author={Orts-Escolano, Sergio and Rhemann, Christoph and Fanello, Sean and Chang, Wayne and Kowdle, Adarsh and Degtyarev, Yury and Kim, David and Davidson, Philip L and Khamis, Sameh and Dou, Mingsong and others},
  booktitle={Proceedings of the 29th annual symposium on user interface software and technology},
  pages={741--754},
  year={2016}
}
@inproceedings{loop2013real,
  title={Real-time high-resolution sparse voxelization with application to image-based modeling},
  author={Loop, Charles and Zhang, Cha and Zhang, Zhengyou},
  booktitle={Proceedings of the 5th High-performance Graphics Conference},
  pages={73--79},
  year={2013}
}

@inproceedings{dong2004real,
  title={Real-time voxelization for complex polygonal models},
  author={Dong, Zhao and Chen, Wei and Bao, Hujun and Zhang, Hongxin and Peng, Qunsheng},
  booktitle={12th Pacific Conference on Computer Graphics and Applications, 2004. PG 2004. Proceedings.},
  pages={43--50},
  year={2004},
  organization={IEEE}
}
@MISC{unity-eidosmontreal2020,
title = "How Eidos-Montréal created Grid Sensors to improve observations for training agents",
author = "{Shih, Jeffrey and Travnik, Jaden and Martel, Eric }",
year = 2020,
url = {https://blog.unity.com/technology/how-eidos-montreal-created-grid-sensors-to-improve-observations-for-training-agents},
urldate = {7 of September 2021}
}
@article{young2019minatar,
  title={Minatar: An atari-inspired testbed for thorough and reproducible reinforcement learning experiments},
  author={Young, Kenny and Tian, Tian},
  journal={arXiv preprint arXiv:1903.03176},
  year={2019}
}
@MISC{github-mbaske-gridsensor,
title = "Grid Sensors for Unity ML-Agents - Version 2.0",
author = "{Mathias Baske}",
year = 2021,
url = {https://github.com/mbaske/grid-sensor},
urldate = {7 of September 2021}
}

@MISC{github-mbaske-explorer-drone,
title = "Unity Machine Learning Controlled Explorer Drone",
author = "{mbaske}",
year = 2020,
url = {https://github.com/mbaske/ml-explorer-drone},
urldate = {7 of September 2021}
}

@inproceedings{melamed1997measuring,
  title={Measuring semantic entropy},
  author={Melamed, I Dan},
  booktitle={Tagging Text with Lexical Semantics: Why, What, and How?},
  year={1997}
}
@MISC{github-unity-mlagents-toolkit,
title = "Unity ML-Agents Toolkit",
author = "{Unity Technologies}",
year = 2021,
url = {https://github.com/Unity-Technologies/ml-agents},
urldate = {7 of September 2021}
}
@inproceedings{mnih2016asynchronous,
  title={Asynchronous methods for deep reinforcement learning},
  author={Mnih, Volodymyr and Badia, Adria Puigdomenech and Mirza, Mehdi and Graves, Alex and Lillicrap, Timothy and Harley, Tim and Silver, David and Kavukcuoglu, Koray},
  booktitle={International conference on machine learning},
  pages={1928--1937},
  year={2016},
  organization={PMLR}
}
@MISC{github-openai-gym,
title = "OpenAI Gym: A toolkit for developing and comparing reinforcement learning algorithms",
author = "{OpenAI}",
year = 2021,
url = {https://github.com/openai/gym},
urldate = {7 of September 2021}
}

@article{xie2020linking,
  title={Linking points with labels in 3D: A review of point cloud semantic segmentation},
  author={Xie, Yuxing and Tian, Jiaojiao and Zhu, Xiao Xiang},
  journal={IEEE Geoscience and Remote Sensing Magazine},
  volume={8},
  number={4},
  pages={38--59},
  year={2020},
  publisher={IEEE}
}
@article{zhou2020voxelization,
  title={Voxelization modelling based finite element simulation and process parameter optimization for Fused Filament Fabrication},
  author={Zhou, Yong and Lu, Han and Wang, Gongxian and Wang, Junfeng and Li, Weidong},
  journal={Materials \& Design},
  volume={187},
  pages={108409},
  year={2020},
  publisher={Elsevier}
}

@inproceedings{espeholt2018impala,
  title={Impala: Scalable distributed deep-rl with importance weighted actor-learner architectures},
  author={Espeholt, Lasse and Soyer, Hubert and Munos, Remi and Simonyan, Karen and Mnih, Vlad and Ward, Tom and Doron, Yotam and Firoiu, Vlad and Harley, Tim and Dunning, Iain and others},
  booktitle={International Conference on Machine Learning},
  pages={1407--1416},
  year={2018},
  organization={PMLR}
}
@inproceedings{gudmundsson2018human,
  title={Human-like playtesting with deep learning},
  author={Gudmundsson, Stefan Freyr and Eisen, Philipp and Poromaa, Erik and Nodet, Alex and Purmonen, Sami and Kozakowski, Bartlomiej and Meurling, Richard and Cao, Lele},
  booktitle={2018 IEEE Conference on Computational Intelligence and Games (CIG)},
  pages={1--8},
  year={2018},
  organization={IEEE}
}

@MISC{github-dlr-rm-baselines3,
title = "PyTorch version of Stable Baselines, reliable implementations of reinforcement learning algorithms",
author = "{German Aerospace Center (DLR) - Institute of Robotics and Mechatronics (RM)}",
year = 2021,
url = {https://github.com/DLR-RM/stable-baselines3},
urldate = {7 of September 2021}
}

@MISC{unity-collaborate,
title = "Create together with Unity Collaborate, part of Unity Teams",
author = "{Unity Technologies}",
year = 2021,
url = {https://unity.com/unity/features/collaborate},
urldate = {7 of September 2021}
}

@article{berner2019dota,
  title={Dota 2 with large scale deep reinforcement learning},
  author={Berner, Christopher and Brockman, Greg and Chan, Brooke and Cheung, Vicki and D{\k{e}}biak, Przemys{\l}aw and Dennison, Christy and Farhi, David and Fischer, Quirin and Hashme, Shariq and Hesse, Chris and others},
  journal={arXiv preprint arXiv:1912.06680},
  year={2019}
}
@article{akkaya2019solving,
  title={Solving rubik's cube with a robot hand},
  author={Akkaya, Ilge and Andrychowicz, Marcin and Chociej, Maciek and Litwin, Mateusz and McGrew, Bob and Petron, Arthur and Paino, Alex and Plappert, Matthias and Powell, Glenn and Ribas, Raphael and others},
  journal={arXiv preprint arXiv:1910.07113},
  year={2019}
}

@article{mnih2015human,
  title={Human-level control through deep reinforcement learning},
  author={Mnih, Volodymyr and Kavukcuoglu, Koray and Silver, David and Rusu, Andrei A and Veness, Joel and Bellemare, Marc G and Graves, Alex and Riedmiller, Martin and Fidjeland, Andreas K and Ostrovski, Georg and others},
  journal={nature},
  volume={518},
  number={7540},
  pages={529--533},
  year={2015},
  publisher={Nature Publishing Group}
}
@inproceedings{kempka2016vizdoom,
  title={Vizdoom: A doom-based ai research platform for visual reinforcement learning},
  author={Kempka, Micha{\l} and Wydmuch, Marek and Runc, Grzegorz and Toczek, Jakub and Ja{\'s}kowski, Wojciech},
  booktitle={2016 IEEE Conference on Computational Intelligence and Games (CIG)},
  pages={1--8},
  year={2016},
  organization={IEEE}
}

@inproceedings{lample2017playing,
  title={Playing FPS games with deep reinforcement learning},
  author={Lample, Guillaume and Chaplot, Devendra Singh},
  booktitle={Thirty-First AAAI Conference on Artificial Intelligence},
  year={2017}
}
@article{yu2021surprising,
  title={The surprising effectiveness of mappo in cooperative, multi-agent games},
  author={Yu, Chao and Velu, Akash and Vinitsky, Eugene and Wang, Yu and Bayen, Alexandre and Wu, Yi},
  journal={arXiv preprint arXiv:2103.01955},
  year={2021}
}

@MISC{abbeel_youtube_2017,
title = "Deep Learning for Robotics (NIPS 2017 Keynote)",
author = "{Pieter Abbeel}",
year = 2017,
url = {https://youtu.be/MBQTu8P1N4M?t=87},
urldate = {10 of September 2021}
}

@article{DBLP:journals/corr/abs-2105-09843,
  author    = {Nicolas Borla and
               Fabian Kuster and
               Jonas Langenegger and
               Juan Ribera and
               Marcel Honegger and
               Giovanni Toffetti},
  title     = {Teat Pose Estimation via {RGBD} Segmentation for Automated Milking},
  journal   = {CoRR},
  volume    = {abs/2105.09843},
  year      = {2021},
  url       = {https://arxiv.org/abs/2105.09843},
  eprinttype = {arXiv},
  eprint    = {2105.09843},
  timestamp = {Mon, 31 May 2021 16:16:57 +0200},
  biburl    = {https://dblp.org/rec/journals/corr/abs-2105-09843.bib},
  bibsource = {dblp computer science bibliography, https://dblp.org}
}

@MISC{darpa_subterranean_challenge,
title = {Subterranean Challenge},
author = "{DARPA}",
year = 2021,
url = {https://www.subtchallenge.com/},
urldate = {03 of November 2021}
}

@MISC{2020_camera_degrees,
title = {The Camera Versus the Human Eye},
author = "{Cicala, Roger}",
year = 2012,
url = {https://petapixel.com/2012/11/17/the-camera-versus-the-human-eye/},
urldate = {11 of January 2022}
}

@MISC{bilderzucht_voxelization,
title = {3D Pixel / Voxel},
author = "{Wüstefeld, Tobias }",
year = 2010,
url = {http://www.bilderzucht.de/blog/3d-pixel-voxel/},
urldate = {11 of January 2022}
}

@MISC{dulalsaurab_octree,
title = {octree Construction and Nearest Neighborhood Search (NSS)},
author = "{DULAL, SAURAB}",
year = 2018,
url = {https://dulalsaurab.github.io/computerscience/octree-construction-and-nns/},
urldate = {11 of January 2022}
}
@article{elseberg2013one,
  title={One billion points in the cloud--an octree for efficient processing of 3D laser scans},
  author={Elseberg, Jan and Borrmann, Dorit and N{\"u}chter, Andreas},
  journal={ISPRS Journal of Photogrammetry and Remote Sensing},
  volume={76},
  pages={76--88},
  year={2013},
  publisher={Elsevier}
}
@article{zeng2020view,
  title={View planning in robot active vision: A survey of systems, algorithms, and applications},
  author={Zeng, Rui and Wen, Yuhui and Zhao, Wang and Liu, Yong-Jin},
  journal={Computational Visual Media},
  pages={1--21},
  year={2020},
  publisher={Springer}
}

@inproceedings{wang2018look,
  title={Look before you leap: Bridging model-free and model-based reinforcement learning for planned-ahead vision-and-language navigation},
  author={Wang, Xin and Xiong, Wenhan and Wang, Hongmin and Wang, William Yang},
  booktitle={Proceedings of the European Conference on Computer Vision (ECCV)},
  pages={37--53},
  year={2018}
}

@article{sung2018exploring,
  title={Exploring Navigation using Deep Reinforcement Learning},
  author={Sung, Tegg Taekyong and Kim, Changhyung and Lee, Kyunghak and Sohn, Chae-Bong},
  journal={International Journal of Applied Engineering Research},
  volume={13},
  number={19},
  pages={14447--14450},
  year={2018}
}

@article{vasquez2017view,
  title={View/state planning for three-dimensional object reconstruction under uncertainty},
  author={Vasquez-Gomez, J Irving and Sucar, L Enrique and Murrieta-Cid, Rafael},
  journal={Autonomous Robots},
  volume={41},
  number={1},
  pages={89--109},
  year={2017},
  publisher={Springer}
}

@article{palomeras2019autonomous,
  title={Autonomous exploration of complex underwater environments using a probabilistic next-best-view planner},
  author={Palomeras, Narc{\'\i}s and Hurt{\'o}s, Natalia and Vidal, Eduard and Carreras, Marc},
  journal={IEEE Robotics and Automation Letters},
  volume={4},
  number={2},
  pages={1619--1625},
  year={2019},
  publisher={IEEE}
}


@MISC{parrot2022anafiai,
title = {ANAFI Ai | The 4G robotic UAV},
author = "{Parrot}",
year = 2022,
url = {https://www.parrot.com/en/drones/anafi-ai},
urldate = {22 of January 2022}
}

@MISC{parrot2022anafiai,
title = {ANAFI Ai | The 4G robotic UAV},
author = "{Parrot}",
year = 2022,
url = {https://www.parrot.com/en/drones/anafi-ai},
urldate = {22 of January 2022}
}

@MISC{parrot2022anafiai,
title = {ANAFI Ai | The 4G robotic UAV},
author = "{Parrot}",
year = 2022,
url = {https://www.parrot.com/en/drones/anafi-ai},
urldate = {22 of January 2022}
}


@article{yu2021plenoxels,
  title={Plenoxels: Radiance Fields without Neural Networks},
  author={Yu, Alex and Fridovich-Keil, Sara and Tancik, Matthew and Chen, Qinhong and Recht, Benjamin and Kanazawa, Angjoo},
  journal={arXiv preprint arXiv:2112.05131},
  year={2021}
}

@article{detic2022,
  title={Detecting Twenty-thousand Classes using Image-level Supervision},
  author={Zhou, Xingyi and Girdhar, Rohit and Joulin, Armand and Kr{\"a}henb{\"u}hl, Phillip and Misra, Ishan},
  journal={arXiv preprint arXiv:2201.02605},
  year={2022}
}


@MISC{unityziva2022dynamics,
title = {Welcome, Ziva Dynamics! | Unity Blog},
author = "{Marc Whitten}",
year = 2022,
url = {https://blog.unity.com/news/welcome-ziva-dynamics},
urldate = {6 of February 2022}
}



@MISC{unityziva2022dynamics,
title = {Welcome, Ziva Dynamics! | Unity Blog},
author = "{Marc Whitten}",
year = 2022,
url = {https://blog.unity.com/news/welcome-ziva-dynamics},
urldate = {6 of February 2022}
}


@MISC{dano2020,
title = {Active Scene Understanding from Image Sequences for Next-Generation Computer Vision},
author = "{Meier Ralph and Roost, Dano}",
year = 2020,
url = {https://www.zhaw.ch/storage/shared/upload/ba20_toff_01_ralph_dano_final.pdf},
urldate = {6 of February 2022}
}


@MISC{f1score2022,
title = {F1 Score Defintion | DeepAI},
author = "{Wood, Thomas}",
year = 2022,
url = {https://deepai.org/machine-learning-glossary-and-terms/f-score},
urldate = {6 of February 2022}
}






@inproceedings{weder2020routedfusion,
  title={Routedfusion: Learning real-time depth map fusion},
  author={Weder, Silvan and Schonberger, Johannes and Pollefeys, Marc and Oswald, Martin R},
  booktitle={Proceedings of the IEEE/CVF Conference on Computer Vision and Pattern Recognition},
  pages={4887--4897},
  year={2020}
}

@inproceedings{grinvald2021tsdf,
  title={TSDF++: A Multi-Object Formulation for Dynamic Object Tracking and Reconstruction},
  author={Grinvald, Margarita and Tombari, Federico and Siegwart, Roland and Nieto, Juan},
  booktitle={2021 IEEE International Conference on Robotics and Automation (ICRA)},
  pages={14192--14198},
  year={2021},
  organization={IEEE}
}

@article{pfeiffer2018reinforced,
  title={Reinforced imitation: Sample efficient deep reinforcement learning for mapless navigation by leveraging prior demonstrations},
  author={Pfeiffer, Mark and Shukla, Samarth and Turchetta, Matteo and Cadena, Cesar and Krause, Andreas and Siegwart, Roland and Nieto, Juan},
  journal={IEEE Robotics and Automation Letters},
  volume={3},
  number={4},
  pages={4423--4430},
  year={2018},
  publisher={IEEE}
}

@inproceedings{xie2020snapnav,
  title={Snapnav: Learning mapless visual navigation with sparse directional guidance and visual reference},
  author={Xie, Linhai and Markham, Andrew and Trigoni, Niki},
  booktitle={2020 IEEE International Conference on Robotics and Automation (ICRA)},
  pages={1682--1688},
  year={2020},
  organization={IEEE}
}

@inproceedings{brandenburger2021mapless,
  title={Mapless Humanoid Navigation Using Learned Latent Dynamics},
  author={Brandenburger, Andr{\'e} and Rodriguez, Diego and Behnke, Sven},
  booktitle={2021 IEEE/RSJ International Conference on Intelligent Robots and Systems (IROS)},
  pages={1555--1561},
  year={2021},
  organization={IEEE}
}

@inproceedings{wang2018look,
  title={Look before you leap: Bridging model-free and model-based reinforcement learning for planned-ahead vision-and-language navigation},
  author={Wang, Xin and Xiong, Wenhan and Wang, Hongmin and Wang, William Yang},
  booktitle={Proceedings of the European Conference on Computer Vision (ECCV)},
  pages={37--53},
  year={2018}
}


@MISC{nvidia2021synthetic,
title = {What is Synthetic Data? | NVIDIA Blogs},
author = "{Andrews, Gerard}",
year = 2021,
url = {https://blogs.nvidia.com/blog/2021/06/08/what-is-synthetic-data/},
urldate = {6 of February 2022}
}

@MISC{wandb2022,
title = {Weights & Biases - Developer tools for ML},
author = "{Weights & Biases}",
year = 2022,
url = {https://wandb.ai/},
urldate = {6 of February 2022}
}

